<record><leader>00000cas a2200000 a 4500</leader><controlfield tag="001">56828369</controlfield><controlfield tag="008">041027c19uu9999nyuwr ne      0    0eng c</controlfield><datafield ind1=" " ind2=" " tag="010"><subfield code="a">sn2004060540</subfield></datafield><datafield ind1=" " ind2=" " tag="040"><subfield code="a">NYS</subfield><subfield code="b">eng</subfield><subfield code="c">NYS</subfield><subfield code="d">OCLCQ</subfield><subfield code="d">OCLCF</subfield><subfield code="d">OCLCO</subfield></datafield><datafield ind1="1" ind2=" " tag="029"><subfield code="a">AU@</subfield><subfield code="b">000026332352</subfield></datafield><datafield ind1=" " ind2=" " tag="042"><subfield code="a">pcc</subfield></datafield><datafield ind1=" " ind2=" " tag="043"><subfield code="a">n-us-ny</subfield></datafield><datafield ind1="0" ind2="4" tag="245"><subfield code="a">The Queens courier western edition.</subfield></datafield><datafield ind1="3" ind2="0" tag="246"><subfield code="a">Queens courier</subfield></datafield><datafield ind1="3" ind2="0" tag="246"><subfield code="a">Courier</subfield></datafield><datafield ind1=" " ind2=" " tag="250"><subfield code="a">Western ed.</subfield></datafield><datafield ind1=" " ind2=" " tag="260"><subfield code="a">Bayside, N.Y. :</subfield><subfield code="b">Schneps Communications</subfield></datafield><datafield ind1=" " ind2=" " tag="300"><subfield code="a">v. :</subfield><subfield code="b">ill. (some col.) ;</subfield><subfield code="c">39 cm.</subfield></datafield><datafield ind1=" " ind2=" " tag="310"><subfield code="a">Weekly</subfield></datafield><datafield ind1=" " ind2=" " tag="500"><subfield code="a">"Serving Maspeth, Middle Village, Glendale and Ridgewood."</subfield></datafield><datafield ind1=" " ind2=" " tag="588"><subfield code="a">Description based on: Vol. 17, no. 44 (Oct. 20/26, 2004).</subfield></datafield><datafield ind1=" " ind2="0" tag="651"><subfield code="a">Maspeth (New York, N.Y.)</subfield><subfield code="v">Newspapers.</subfield></datafield><datafield ind1=" " ind2="0" tag="651"><subfield code="a">Bayside (New York, N.Y.)</subfield><subfield code="v">Newspapers.</subfield></datafield><datafield ind1=" " ind2="0" tag="651"><subfield code="a">Ridgewood (New York, N.Y.)</subfield><subfield code="v">Newspapers.</subfield></datafield><datafield ind1=" " ind2="0" tag="651"><subfield code="a">Queens (New York, N.Y.)</subfield><subfield code="v">Newspapers.</subfield></datafield><datafield ind1=" " ind2="0" tag="651"><subfield code="a">Queens County (N.Y.)</subfield><subfield code="v">Newspapers.</subfield></datafield><datafield ind1=" " ind2="0" tag="651"><subfield code="a">New York (N.Y.)</subfield><subfield code="v">Newspapers.</subfield></datafield><datafield ind1=" " ind2="7" tag="655"><subfield code="a">Newspapers.</subfield><subfield code="2">fast</subfield><subfield code="0">(OCoLC)fst01423814</subfield></datafield><datafield ind1=" " ind2="7" tag="651"><subfield code="a">New York (State)</subfield><subfield code="z">New York.</subfield><subfield code="2">fast</subfield><subfield code="0">(OCoLC)fst01204333</subfield></datafield><datafield ind1=" " ind2="7" tag="651"><subfield code="a">New York (State)</subfield><subfield code="z">New York</subfield><subfield code="z">Bayside.</subfield><subfield code="2">fast</subfield><subfield code="0">(OCoLC)fst01321573</subfield></datafield><datafield ind1=" " ind2="7" tag="651"><subfield code="a">New York (State)</subfield><subfield code="z">New York</subfield><subfield code="z">Maspeth.</subfield><subfield code="2">fast</subfield><subfield code="0">(OCoLC)fst01312084</subfield></datafield><datafield ind1=" " ind2="7" tag="651"><subfield code="a">New York (State)</subfield><subfield code="z">New York</subfield><subfield code="z">Queens.</subfield><subfield code="2">fast</subfield><subfield code="0">(OCoLC)fst01313007</subfield></datafield><datafield ind1=" " ind2="7" tag="651"><subfield code="a">New York (State)</subfield><subfield code="z">New York</subfield><subfield code="z">Ridgewood.</subfield><subfield code="2">fast</subfield><subfield code="0">(OCoLC)fst01323452</subfield></datafield><datafield ind1=" " ind2="7" tag="651"><subfield code="a">New York (State)</subfield><subfield code="z">Queens County.</subfield><subfield code="2">fast</subfield><subfield code="0">(OCoLC)fst01246810</subfield></datafield><datafield ind1=" " ind2=" " tag="752"><subfield code="a">United States</subfield><subfield code="b">New York</subfield><subfield code="c">Queens</subfield><subfield code="d">Bayside (New York, N.Y.)</subfield></datafield><datafield ind1=" " ind2=" " tag="752"><subfield code="a">United States</subfield><subfield code="b">New York</subfield><subfield code="d">New York.</subfield></datafield><datafield ind1="0" ind2=" " tag="775"><subfield code="t">Queens courier</subfield><subfield code="w">(DLC)sn2001062034</subfield><subfield code="w">(OCoLC)47029841</subfield></datafield></record>